<?xml version="1.0" encoding="UTF-8"?><record xmlns="http://www.loc.gov/MARC21/slim" xmlns:cinclude="http://apache.org/cocoon/include/1.0" xmlns:zs="http://www.loc.gov/zing/srw/">
  <leader>00481nz  a2200145n  4500</leader>
  <controlfield tag="001">no 98113934 </controlfield>
  <controlfield tag="003">DLC</controlfield>
  <controlfield tag="005">19981009051731.1</controlfield>
  <controlfield tag="008">981008n| acannaab|          |a ana     c</controlfield>
  <datafield tag="010" ind1=" " ind2=" ">
    <subfield code="a">no 98113934 </subfield>
  </datafield>
  <datafield tag="035" ind1=" " ind2=" ">
    <subfield code="a">(OCoLC)oca04833058 </subfield>
  </datafield>
  <datafield tag="040" ind1=" " ind2=" ">
    <subfield code="a">MdU</subfield>
    <subfield code="c">MdU</subfield>
  </datafield>
  <datafield tag="110" ind1="2" ind2="0">
    <subfield code="a">John D. Lucas Printing Company</subfield>
  </datafield>
  <datafield tag="410" ind1="2" ind2="0">
    <subfield code="a">Lucas Printing Company</subfield>
  </datafield>
  <datafield tag="670" ind1=" " ind2=" ">
    <subfield code="a">Over 100 years of fine craftsmanship, 1956?</subfield>
    <subfield code="b">t.p. (John D. Lucas Printing Company) p. 3 (founded 1835; Baltimore's oldest printing company)</subfield>
  </datafield>
</record>